
@book{boyle_passenger_1998,
	address = {Washington, DC},
	title = {Passenger counting technologies and procedures},
	isbn = {978-0-309-06815-4},
	language = {English},
	publisher = {National Academy Press},
	author = {Boyle, Douglas and Mark C, Daniel},
	year = {1998},
	note = {OCLC: 632725908},
}

@book{bishop_discrete_2007,
	address = {New York},
	title = {Discrete {Multivariate} {Analysis}: {Theory} and {Practice}},
	isbn = {978-0-387-72806-3},
	shorttitle = {Discrete {Multivariate} {Analysis}},
	language = {eng},
	publisher = {Springer},
	author = {Bishop, Yvonne M and Fienberg, Stephen E and Holland, Paul W},
	year = {2007},
}


@article{jaynes1957information,
  title={Information theory and statistical mechanics},
  author={Jaynes, Edwin T},
  journal={Physical review},
  volume={106},
  number={4},
  pages={620},
  year={1957},
  publisher={APS}
}


@book{erlander1990gravity,
  title={The gravity model in transportation analysis: theory and extensions},
  author={Erlander, Sven and Stewart, Neil F},
  volume={3},
  year={1990},
  publisher={VSP}, 
   address = {Leiden}
}


@article{wilson1967statistical,
  title={A statistical theory of spatial distribution models},
  author={Wilson, AG},
  journal={Transportation Research},
  volume={1},
  number={3},
  pages={253--269},
  year={1967},
  publisher={Elsevier}
}

@incollection{bavaud2009information,
  title={Information theory, relative entropy and statistics},
  author={Bavaud, Fran{\c{c}}ois},
  year={2009},
  publisher={Springer},
  editor={Sommaruga, Giovanni}, 
  booktitle={Formal Theories of Information: From Shannon to Semantic Information Theory and General Concepts of Information}, 
  volume = {5363},
  series = {LNCS},
  pages={54-78},
  address = {Berlin}
}


@article{dempster1977maximum,
  title={Maximum likelihood from incomplete data via the EM algorithm},
  author={Dempster, Arthur P and Laird, Nan M and Rubin, Donald B},
  journal={Journal of the royal statistical society: series B (methodological)},
  volume={39},
  number={1},
  pages={1--22},
  year={1977},
  publisher={Wiley Online Library}
}


