
@book{boyle_passenger_1998,
	address = {Washington, DC},
	title = {Passenger counting technologies and procedures},
	isbn = {978-0-309-06815-4},
	language = {English},
	publisher = {National Academy Press},
	author = {Boyle, Douglas, Mark C, Daniel},
	year = {1998},
	note = {OCLC: 632725908},
}

@book{bishop_discrete_2007,
	address = {New York},
	title = {Discrete {Multivariate} {Analysis}: {Theory} and {Practice}},
	isbn = {978-0-387-72806-3},
	shorttitle = {Discrete {Multivariate} {Analysis}},
	language = {eng},
	publisher = {Springer},
	author = {Bishop, Yvonne M and Fienberg, Stephen E and Holland, Paul W},
	year = {2007},
}
